<?xml version="1.0" encoding="UTF-8"?><record xmlns="http://www.loc.gov/MARC21/slim" xmlns:cinclude="http://apache.org/cocoon/include/1.0" xmlns:zs="http://www.loc.gov/zing/srw/">
  <leader>00382cz  a2200133n  4500</leader>
  <controlfield tag="001">n 2003006156</controlfield>
  <controlfield tag="003">DLC</controlfield>
  <controlfield tag="005">20030318131340.0</controlfield>
  <controlfield tag="008">030317n| acannaabn          |n aaa      </controlfield>
  <datafield tag="010" ind1=" " ind2=" ">
    <subfield code="a">n 2003006156</subfield>
  </datafield>
  <datafield tag="040" ind1=" " ind2=" ">
    <subfield code="a">DLC</subfield>
    <subfield code="b">eng</subfield>
    <subfield code="c">DLC</subfield>
    <subfield code="d">DLC</subfield>
  </datafield>
  <datafield tag="100" ind1="1" ind2=" ">
    <subfield code="a">Levin, Amy,</subfield>
    <subfield code="d">1949-</subfield>
  </datafield>
  <datafield tag="670" ind1=" " ind2=" ">
    <subfield code="a">A bear's year, 2003:</subfield>
    <subfield code="b">CIP t.p. (Amy Levin)</subfield>
  </datafield>
  <datafield tag="670" ind1=" " ind2=" ">
    <subfield code="a">Email to pub., Mar. 18, 2003 (Amy Levin; b. July 27, 1949)</subfield>
  </datafield>
</record>